<?xml version="1.0" encoding="UTF-8"?><collection xmlns="http://www.loc.gov/MARC21/slim"><record><leader>00337nam--2200145-i-4500</leader><controlfield tag="001">000008542</controlfield><controlfield tag="002">20161230</controlfield><controlfield tag="005">20161230201027</controlfield><controlfield tag="008">060222s1000------------r-----000-0-eng-d</controlfield><datafield ind1=" " ind2=" " tag="020"><subfield code="a">AE</subfield></datafield><datafield ind1=" " ind2=" " tag="100"><subfield code="a">Aalto, E</subfield></datafield><datafield ind1=" " ind2=" " tag="245"><subfield code="a">Sandlin, r</subfield></datafield><datafield ind1=" " ind2=" " tag="260"><subfield code="a">Krell, A</subfield></datafield><datafield ind1=" " ind2=" " tag="490"><subfield code="a">Stockholm, Aktiebolaget Atomenergy, 1968 22 P.+20 P.Dif</subfield></datafield><datafield ind1=" " ind2=" " tag="653"><subfield code="a">325</subfield></datafield></record></collection>